@incollection{gottschalk2016refactorings,
  title={Refactorings for energy-efficiency},
  author={Gottschalk, Marion and Jelschen, Jan and Winter, Andreas},
  booktitle={Advances and new trends in environmental and energy informatics},
  pages={77--96},
  year={2016},
  publisher={Springer}
}

@inproceedings{cruz2017performance,
  title={Performance-based guidelines for energy efficient mobile applications},
  author={Cruz, Luis and Abreu, Rui},
  booktitle={2017 IEEE/ACM 4th International Conference on Mobile Software Engineering and Systems (MOBILESoft)},
  pages={46--57},
  year={2017},
  organization={IEEE}
}

@article{cruz2018using,
  title={Using automatic refactoring to improve energy efficiency of android apps},
  author={Cruz, Luis and Abreu, Rui},
  journal={arXiv preprint arXiv:1803.05889},
  year={2018}
}

@inproceedings{reimann2014tool,
  title={A tool-supported quality smell catalogue for android developers},
  author={Reimann, Jan and Brylski, Martin and A{\ss}mann, Uwe},
  booktitle={Proc. of the conference Modellierung 2014 in the Workshop Modellbasierte und modellgetriebene Softwaremodernisierung--MMSM},
  volume={2014},
  year={2014}
}

@inproceedings{carette2017investigating,
  title={Investigating the energy impact of android smells},
  author={Carette, Antonin and Younes, Mehdi Adel Ait and Hecht, Geoffrey and Moha, Naouel and Rouvoy, Romain},
  booktitle={2017 IEEE 24th International Conference on Software Analysis, Evolution and Reengineering (SANER)},
  pages={115--126},
  year={2017},
  organization={IEEE}
}

@article{palomba2019impact,
  title={On the impact of code smells on the energy consumption of mobile applications},
  author={Palomba, Fabio and Di Nucci, Dario and Panichella, Annibale and Zaidman, Andy and De Lucia, Andrea},
  journal={Information and Software Technology},
  volume={105},
  pages={43--55},
  year={2019},
  publisher={Elsevier}
}

@article{morales2016anti,
  title={Anti-patterns and the energy efficiency of Android applications},
  author={Morales, Rodrigo and Saborido, Ruben and Khomh, Foutse and Chicano, Francisco and Antoniol, Giuliano},
  journal={arXiv preprint arXiv:1610.05711},
  year={2016}
}

@inproceedings{fatima2020tool,
  title={Tool Support for Green Android Development: A Systematic Mapping Study},
  author={Fatima, Iffat and Anwar, Hina and Pfahl, Dietmar and Qamar, Usman},
  booktitle={5th Int. Conf. on Softw. Technologies-ICSOFT},
  pages={409--417},
  year={2020}
}

@article{fatima2020detection,
  title={Detection and Correction of Android-specific Code Smells and Energy Bugs: An Android Lint Extension},
  author={Fatimaa, Iffat and Anwarb, Hina and Pfahlb, Dietmar and Qamara, Usman},
  year={2020}
}

@book{fowler2018refactoring,
  title={Refactoring: improving the design of existing code},
  author={Fowler, Martin},
  year={2018},
  publisher={Addison-Wesley Professional}
}

@article{morales2017use,
  title={On the use of developersâ€™ context for automatic refactoring of software anti-patterns},
  author={Morales, Rodrigo and Soh, Z{\'e}phyrin and Khomh, Foutse and Antoniol, Giuliano and Chicano, Francisco},
  journal={Journal of systems and software},
  volume={128},
  pages={236--251},
  year={2017},
  publisher={Elsevier}
}

@inproceedings{palomba2017lightweight,
  title={Lightweight detection of android-specific code smells: The adoctor project},
  author={Palomba, Fabio and Di Nucci, Dario and Panichella, Annibale and Zaidman, Andy and De Lucia, Andrea},
  booktitle={2017 IEEE 24th international conference on software analysis, evolution and reengineering (SANER)},
  pages={487--491},
  year={2017},
  organization={IEEE}
}

@online {globalsales,
    title        = {Number of smartphones sold to end users worldwide from 2007 to 2021},
    url          = {https://www.statista.com/statistics/263437/global-smartphone-sales-to-end-users-since-2007/},
    urldate      = "22.03.2021",
}

@online {worldwide,
    title        = {Mobile Operating System Market Share Worldwide},
    url          = {https://gs.statcounter.com/os-market-share/mobile/worldwide},
    urldate      = "22.03.2021",
}

@inproceedings{wasserman2010software,
  title={Software engineering issues for mobile application development},
  author={Wasserman, Anthony I},
  booktitle={Proceedings of the FSE/SDP workshop on Future of software engineering research},
  pages={397--400},
  year={2010}
}

@online {cscatalogue,
    title        = {Android smells catalogue},
    url          = {https://martinbrylski.github.io/android\_smells/},
    urldate      = "22.03.2021",
}

@inproceedings{liu2014characterizing,
  title={Characterizing and detecting performance bugs for smartphone applications},
  author={Liu, Yepang and Xu, Chang and Cheung, Shing-Chi},
  booktitle={Proceedings of the 36th international conference on software engineering},
  pages={1013--1024},
  year={2014}
}